@online{ios-docs,
	author = "Apple",
	title = "Apple: iOS Documentation",
	url = "https://developer.apple.com/reference",
	urldate = 2017
}

@online{json-wiki,
	author = "Wikipedia The Free Encyclopedia",
	title = "JSON",
	url = "https://en.wikipedia.org/wiki/JSON",
	urldate = 2017
}

@online{android-wiki,
	author = "Wikipedia The Free Encyclopedia",
	title = "Android",
	url = "https://en.wikipedia.org/wiki/Android_(operating_system)",
	urldate = 2017
}

@book{rin,
	author = "Andrej Brodnik and Luka Fürst and Alenka Krapež and others",
	title = "Računalništvo in Informatika 1",
	year = 2015,
	url = "lusy.fri.uni-lj.si/ucbenik/"
}
